Untuk setiap referensi, baris pertama (newton1687) merupakan label dan baris-baris berikutnya
merupakan atribut dari referensi yang akan digunakan. Umumnya, format referensi berikut sudah
disediakan oleh penyedia sumber referensi secara online dan bisa langsung ditaruh di sini.

Lihat https://www.bibtex.com/g/bibtex-format/ untuk informasi lebih lanjut mengenai format
BibTex yang digunakan pada file ini.


@online{bps2023,
  author = {Badan Pusat Statistik},
  title = {Jumlah Kendaraan Bermotor Menurut Provinsi dan Jenis Kendaraan (unit)},
  year = {2023},
  url = {https://its.id/m/statistikbpsjumlahkendaraanbermotor2023},
  urldate = {2024-09-16},
  note = {Accessed: 16 September 2024},
  month = sep,
  day = 16
}

@article{odol2020,
  author = {Oktarinda, E and Prihutomo, N and Maulani, E},
  journal = {Construction and Material Journal},
  number = {1},
  title = {ANALISIS PENGARUH KENDARAAN \emph{ODOL} TERHADAP TINGKAT KECELAKAAN DI JALAN TOL},
  volume = {2},
  year = {2020}
}

@online{hubdat2024,
  author = {Kementerian Perhubungan Ditjen Hubdat},
  title = {Ditjen Hubdat Gelar FGD Transformasi Digital Dalam Pengawasan Kendaraan ODOL},
  year = {2024},
  url = {https://hubdat.dephub.go.id/id/publikasi/ditjen-hubdat-gelar-fgd-transformasi-digital-dalam-pengawasan-kendaraan-odol/},
  urldate = {2024-10-13},
  note = {Accessed: 13 October 2024},
  month = oct,
  day = 13
}


@article{prismadika2023,
  author = {Putra, Prismadika Yunia and Arifianto, Aji Seto and Fitri, Zilvanhisna Emka and Puspitasari, Trismayanti Dwi},
  journal = {Jurnal Informatika Polinema},
  number = {2},
  title = {DETEKSI KENDARAAN TRUK PADA VIDEO MENGGUNAKAN METODE TINY-YOLO V4},
  volume = {9},
  year = {2023}
}

@mastersthesis{hamayan2024,
  author = {Nabih, Ahmad Hamayan},
  school = {Institut Teknologi Sepuluh Nopember},
  title = {Sistem Deteksi Kendaraan Overdimension secara Real-time Menggunakan Deep Learning di Jalan Raya},
  year = {2024},
  type = {Undergraduate thesis}
}

@article{dolly2023,
  author = {Indra, Dolly and Herman and Budi, Firman Shantya},
  journal = {Komputika: Jurnal Sistem Komputer},
  number = {1},
  title = {Implementasi Sistem Penghitung Kendaraan Otomatis Berbasis Computer Vision},
  volume = {12},
  year = {2023}
}

@article{rosenblatt1958perceptron,
  title={The perceptron: A probabilistic model for information storage and organization in the brain},
  author={Rosenblatt, Frank},
  journal={Psychological Review},
  volume={65},
  number={6},
  pages={386},
  year={1958},
  publisher={American Psychological Association}
}


@article{yannlecun1998,
  title={Gradient-based learning applied to document recognition},
  author={LeCun, Yann and Bottou, L{\'e}on and Bengio, Yoshua and Haffner, Patrick},
  journal={Proceedings of the IEEE},
  volume={86},
  number={11},
  pages={2278--2324},
  year={1998},
  publisher={IEEE}
}

@article{kaiminghe2015,
  title={Deep residual learning for image recognition},
  author={He, Kaiming and Zhang, Xiangyu and Ren, Shaoqing and Sun, Jian},
  journal={Proceedings of the IEEE conference on computer vision and pattern recognition},
  pages={770--778},
  year={2015},
}

@article{ioffe2015,
  title={Batch normalization: Accelerating deep network training by reducing internal covariate shift},
  author={Ioffe, Sergey and Szegedy, Christian},
  journal={arXiv preprint arXiv:1502.03167},
  year={2015}
}

@article{szegedy2015,
  title={Going deeper with convolutions},
  author={Szegedy, Christian and Liu, Wei and Jia, Yangqing and others},
  journal={Proceedings of the IEEE conference on computer vision and pattern recognition},
  pages={1--9},
  year={2015}
}

@article{liu2016,
  author = {Liu, Wei and Anguelov, Dragomir and Erhan, Dumitru and Szegedy, Christian and Reed, Scott and Fu, Cheng-Yang and Berg, Alexander C},
  journal = {arXiv preprint arXiv:1606.02228},
  number = {2},
  title = {SSD: Single Shot MultiBox Detector},
  volume = {9905},
  year = {2016}
}

@online{aws2024,
  author = {Amazon Web Services},
  title = {Apa itu Komputasi Edge?},
  year = {2024},
  url = {https://aws.amazon.com/id/what-is/edge-computing/},
  note = {Accessed: 3 December 2024},
  month = dec,
  day = 3
}

@online{google2024,
  author = {Google},
  title = {Flutter - Build Apps for Any Screen},
  year = {2024},
  url = {https://flutter.dev/},
  note = {Accessed: 4 December 2024},
  month = dec,
  day = 3
}

@misc{nvidiaJetsonNano,
  author = {{NVIDIA}},
  title = {Jetson Nano},
  year = {2024},
  howpublished = {\url{https://www.nvidia.com/en-us/autonomous-machines/embedded-systems/jetson-nano/}},
  note = {Accessed: 17 Dec 2024}
}

@misc{beelinkGeminiT34,
  author = {Juragantablet},
  howpublished = {\url{https://tokopedia.link/se5YnR9woPb}},
  title = {Mini PC Beelink Gemini T34 8/256GB SSD Windows 10 WIFI HDMI 4K USB 3.0},
  year = {2024},
  note = {Accessed: 17 Dec 2024}
}

@INPROCEEDINGS{mqtts2008,
  author={Hunkeler, Urs and Truong, Hong Linh and Stanford-Clark, Andy},
  booktitle={2008 3rd International Conference on Communication Systems Software and Middleware and Workshops (COMSWARE '08)}, 
  title={MQTT-S â€” A publish/subscribe protocol for Wireless Sensor Networks}, 
  year={2008},
  volume={},
  number={},
  pages={791-798},
  keywords={Wireless application protocol;Wireless sensor networks;Actuators;Testing;Laboratories;Distributed computing;Sensor systems and applications;Transport protocols;Telemetry;Automation},
  doi={10.1109/COMSWA.2008.4554519}
}

@inproceedings{restapi2016,
  author = {Rodriguez, Carlos and Baez, Marcos and Daniel, Florian and Casati, Fabio and Trabucco, Juan and Canali, Luigi and Percannella, Gianraffaele},
  year = {2016},
  month = {06},
  pages = {21-39},
  title = {REST APIs: A Large-Scale Analysis of Compliance with Principles and Best Practices},
  isbn = {978-3-319-38790-1},
  doi = {10.1007/978-3-319-38791-8_2}
}

@manual{postgresql2025,
  author = {PostgreSQL Global Development Group},
  title = {PostgreSQL 17 Documentation},
  year = {2025},
  url = {https://www.postgresql.org/docs/17/index.html},
  note = {Accessed: 12 March 2025},
  month = dec,
  day = 17
}

@techreport{ppno55thn2012,
  author = {Pemerintah Republik Indonesia},
  institution = {Sekretariat Negara},
  title = {Peraturan Pemerintah Nomor 55 Tahun 2012},
  year = {2012}
}